@book{Barrett:2001:SSS:558242,
 author = {Barrett, Daniel J. and Silverman, Richard E.},
 title = {SSH, The Secure Shell: The Definitive Guide},
 year = {2001},
 isbn = {0596000111},
 publisher = {O'Reilly \& Associates, Inc.},
 address = {Sebastopol, CA, USA},
} 

@misc{ wiki:DSA,
 author = "Wikipedia",
 title = "Digital Signature Algorithm --- {W}ikipedia{,} The Free Encyclopedia",
 year = "2013",
 url = "\url{https://en.wikipedia.org/wiki/Digital_Signature_Algorithm}",
 note = "[Online; accessed 16-June-2013]"
}

@misc{ misc:queues,
 author = "OpenBSD",
 title = "OpenBSD Programmer's Manual",
 year = "2011",
 note = "[Man page]"
}
